%%
%% WinShell 3.3.2.6
%% http://www.winshell.org/
%%

% Strings


% Preamble


% Bible Entries
@inproceedings{Zimmermann:2014,
 acmid                = {2540938},
 address              = {New York, NY, USA},
 author               = {Zimmermann, Simone and R\"{u}melin, Sonja and Butz, Andreas},
 booktitle            = {Proceedings of the 8th International Conference on Tangible, Embedded and Embodied Interaction},
 doi                  = {10.1145/2540930.2540938},
 isbn                 = {978-1-4503-2635-3},
 keywords             = {automotive user interfaces, haptic guidance, prototyping, static haptics, touch},
 location             = {Munich, Germany},
 numpages             = {4},
 pages                = {9--12},
 publisher            = {ACM},
 series               = {TEI '14},
 title                = {I Feel It in My Fingers: Haptic Guidance on Touch Surfaces},
 url                  = {http://doi.acm.org/10.1145/2540930.2540938},
 year                 = {2013},
 }

@inproceedings{Zhang:2013,
 author = {Zhang, Cheng and Parnami, Aman and Southern, Caleb and Thomaz, Edison and Reyes, Gabriel and Arriaga, Rosa and Abowd, Gregory D.},
 title = {BackTap: Robust Four-point Tapping on the Back of an Off-the-shelf Smartphone},
 booktitle = {Proceedings of the Adjunct Publication of the 26th Annual ACM Symposium on User Interface Software and Technology},
 series = {UIST '13 Adjunct},
 year = {2013},
 isbn = {978-1-4503-2406-9},
 location = {St. Andrews, Scotland, United Kingdom},
 pages = {111--112},
 numpages = {2},
 url = {http://doi.acm.org/10.1145/2508468.2514735},
 doi = {10.1145/2508468.2514735},
 acmid = {2514735},
 publisher = {ACM},
 address = {New York, NY, USA},
 keywords = {acoustic classification, always-available input, heuristics, inertial sensors, lightweight interaction, mobile, touch},
} 

@inproceedings{Kim:2013,
 author = {Kim, Seung-Chan and Israr, Ali and Poupyrev, Ivan},
 title = {Tactile Rendering of 3D Features on Touch Surfaces},
 booktitle = {Proceedings of the 26th Annual ACM Symposium on User Interface Software and Technology},
 series = {UIST '13},
 year = {2013},
 isbn = {978-1-4503-2268-3},
 location = {St. Andrews, Scotland, United Kingdom},
 pages = {531--538},
 numpages = {8},
 url = {http://doi.acm.org/10.1145/2501988.2502020},
 doi = {10.1145/2501988.2502020},
 acmid = {2502020},
 publisher = {ACM},
 address = {New York, NY, USA},
 keywords = {electrovibration, friction, haptic rendering},
} 

@inproceedings{Sato:2009,
 author = {Sato, Toshiki and Mamiya, Haruko and Koike, Hideki and Fukuchi, Kentaro},
 title = {PhotoelasticTouch: Transparent Rubbery Tangible Interface Using an LCD and Photoelasticity},
 booktitle = {Proceedings of the 22Nd Annual ACM Symposium on User Interface Software and Technology},
 series = {UIST '09},
 year = {2009},
 isbn = {978-1-60558-745-5},
 location = {Victoria, BC, Canada},
 pages = {43--50},
 numpages = {8},
 url = {http://doi.acm.org/10.1145/1622176.1622185},
 doi = {10.1145/1622176.1622185},
 acmid = {1622185},
 publisher = {ACM},
 address = {New York, NY, USA},
 keywords = {direct manipulation, interactive surfaces, multi-touch, photoelasticity, tabletop interfaces},
} 

@inproceedings{Richter:2013,
 author = {Richter, Hendrik and Manke, Felix and Seror, Moriel},
 title = {LiquiTouch: Liquid As a Medium for Versatile Tactile Feedback on Touch Surfaces},
 booktitle = {Proceedings of the 7th International Conference on Tangible, Embedded and Embodied Interaction},
 series = {TEI '13},
 year = {2013},
 isbn = {978-1-4503-1898-3},
 location = {Barcelona, Spain},
 pages = {315--318},
 numpages = {4},
 url = {http://doi.acm.org/10.1145/2460625.2460678},
 doi = {10.1145/2460625.2460678},
 acmid = {2460678},
 publisher = {ACM},
 address = {New York, NY, USA},
 keywords = {interactive surfaces, liquid, tactile feedback, touch, water},
} 

@inproceedings{Weiss:2011,
 author = {Weiss, Malte and Wacharamanotham, Chat and Voelker, Simon and Borchers, Jan},
 title = {FingerFlux: Near-surface Haptic Feedback on Tabletops},
 booktitle = {Proceedings of the 24th Annual ACM Symposium on User Interface Software and Technology},
 series = {UIST '11},
 year = {2011},
 isbn = {978-1-4503-0716-1},
 location = {Santa Barbara, California, USA},
 pages = {615--620},
 numpages = {6},
 url = {http://doi.acm.org/10.1145/2047196.2047277},
 doi = {10.1145/2047196.2047277},
 acmid = {2047277},
 publisher = {ACM},
 address = {New York, NY, USA},
 keywords = {actuation, haptic feedback, interactive tabletops, magnets},
} 

%川畑
@inproceedings{TEI 2014,
 author = {	Simone Zimmermann, Sonja R\UTF{00FC}melin, Andreas Butz},
 title = {I feel it in my fingers: haptic guidance on touch surfaces},
 booktitle = {Proceedings of the 8th International Conference on Tangible, Embedded and Embodied Interaction},
 series = {TEI '14 },
 year = {2014},
 isbn = {978-1-4503-2635-3},
 location = {New York, NY, USA},
 pages = {9-12},
 numpages = {4},
 url = {http://doi.acm.org/10.1145/2540930.2540938},
 doi = {10.1145/2540930.2540938},
 acmid = {2540938},
 publisher = {ACM},
 address = {New York, NY, USA},
 keywords = {Automotive user interfaces, haptic guidance, prototyping, static haptics, touch},
} 

@inproceedings{UIST 2013,
 author = {Cheng Zhang, Aman Parnami, Caleb Southern, Edison Thomaz,Gabriel Reyes, Rosa I. Arriaga, Gregory D. Abowd},
 title = {BackTap: robust four-point tapping on the back of an off-the-shelf smartphone},
 booktitle = {Proceedings of the adjunct publication of the 26th annual ACM symposium on User interface software and technology},
 series = {UIST '13},
 year = {2013},
 isbn = {978-1-4503-2406-9},
 location = {New York, NY, USA},
 pages = {111-112},
 numpages = {2},
 url = {http://doi.acm.org/10.1145/2508468.25147358},
 doi = {10.1145/2508468.2514735},
 acmid = {2514735},
 publisher = {ACM},
 address = {New York, NY, USA},
 keywords = {Acoustic classi\UTF{FB01}cation; mobile; heuristics; inertial sensors; touch; always-available input; lightweight interaction 
},
} 

@inproceedings{UIST 2013,
 author = {	Seung-Chan Kim, Ali Israr, Ivan Poupyrev},
 title = {Tactile Rendering of 3D Features on Touch Surfaces},
 booktitle = {Proceedings of the 26th annual ACM symposium on User interface software and technology},
 series = {UIST '13},
 year = {2013},
 isbn = {978-1-4503-2268-3},
 location = {New York, NY, USA},
 pages = {531-538 },
 numpages = {8},
 url = {http://doi.acm.org/10.1145/2501988.2502020},
 doi = {10.1145/2501988.2502020},
 acmid = {2502020},
 publisher = {ACM},
 address = {New York, NY, USA},
 keywords = {Electrovibration, haptic rendering, friction},
} 


